@misc{force2017using,
  title={Using GNSS raw measurements on Android devices (white paper). European GNSS Agency. Prague, Czech},
  author={Force, GSA GNSS Raw Measurements Task},
  year={2017}
}
@article{zangenehnejad2021gnss,
  title={GNSS smartphones positioning: Advances, challenges, opportunities, and future perspectives},
  author={Zangenehnejad, Farzaneh and Gao, Yang},
  journal={Satellite navigation},
  volume={2},
  pages={1--23},
  year={2021},
  publisher={Springer}
}

@booklet{supportgeodesie,
    author = {Guillaume, Sébastien},
    title = {Eléments de géodésie} ,
    year = {2021},
    address = {HEIG-VD}
}
@booklet{supportestimation,
    author = {Guillaume, Sébastien},
    title = {Méthodes d'estimation et réseaux géodésiques},
    year = {2022},
    address = {HEIG-VD}
}
@booklet{supportgnss,
    author = {Guillaume, Sébastien},
    title = {Introduction au GNSS},
    year = {2022},
    address = {HEIG-VD}
}